% 16343337 
@Article{pmid16343337,
   Author="Lassmann, T.  and Sonnhammer, E. L. ",
   Title="{{K}align--an accurate and fast multiple sequence alignment algorithm}",
   Journal="BMC Bioinformatics",
   Year="2005",
   Volume="6",
   Pages="298",
   Month="Dec"
}

% 15857510 
@Article{pmid15857510,
   Author="Sonnhammer, E. L.  and Hollich, V. ",
   Title="{{S}coredist: a simple and robust protein sequence distance estimator}",
   Journal="BMC Bioinformatics",
   Year="2005",
   Volume="6",
   Pages="108",
   Month="Apr"
}

% 8917608 
@Article{pmid8917608,
   Author="Efron, B.  and Halloran, E.  and Holmes, S. ",
   Title="{{B}ootstrap confidence levels for phylogenetic trees}",
   Journal="Proc. Natl. Acad. Sci. U.S.A.",
   Year="1996",
   Volume="93",
   Number="23",
   Pages="13429--13434",
   Month="Nov"
}

@article{sokal,
author = { R R Sokal },
title = {Phenetic Taxonomy: Theory and Methods},
journal = {Annual Review of Ecology and Systematics},
volume = {17},
number = {1},
pages = {423-442},
year = {1986},
doi = {10.1146/annurev.es.17.110186.002231}
}

@misc{wiki,
author = "Wikipedia",
title = "Cladistics --- {W}ikipedia{,} The Free Encyclopedia",
year = "2017",
url = "{https://en.wikipedia.org/wiki/Cladistics}",
note = "[Online; accessed 12-May-2017]"
}